
@misc{hmgovernment2007,
  author = {{HM Government}},
  institution = {Department for Communities and Local Government Publications},
  title = {Fire Safety Risk Assessment (Open Air Events and Venues)},
  month = {February},
  year = {2007},
  note = {[Accessed on 11/12/2023] URL: \url{https://assets.publishing.service.gov.uk/government/uploads/system/uploads/attachment_data/file/14891/fsra-open-air.pdf}}
}

@misc{mmontgomery2018,
  author = {Marlyn Montgomery and Nick Malloy and Chris Muhl and Erin Degenstein and Melissa Kimble and Dr. Denis Dean and Dr. Dawn Wright and Jennifer Bauer and Doug Wood and Peggy Lee and Abby Flory and Greg Newman and Alex Daniels and Tom Stohlgren and Ben White and Laura Weisel and others},
  title = {Music Festival - Estimating Event Capacity},
  note = {[Accessed on 13/12/2023] URL: \url{https://gsp.humboldt.edu/olm/Activities/GSP_270/07_MusicFestival_VectorAnalysis/Lab7_Part3.html}},
  institution = {Colorado State University, Oregon State University, Humboldt State University},
  year = {2018}
}

@misc{jjones2023,
  author = {Janine Jones},
  title = {Mobile Kitchens Explained: Food Trailers, Carts, Trucks, \& More},
  note = {[Accessed on 14/12/2023] URL: \url{https://www.webstaurantstore.com/blog/3356/mobile-kitchens-compared.html}},
  year = {2023}
}

@misc{sja2023,
  author = {{St John Ambulance}},
  title = {Getting the Right Level of First Aid Cover for Your Event},
  year = {2023},
  note = {[Accessed on 10/12/2023] URL: \url{https://www.sja.org.uk/what-we-do/our-first-aid-services/event-first-aid-cover/getting-the-right-level-of-first-aid-cover-for-your-event/}}
}

@misc{nhs-ambulance-specs,
  author = {{National Health Service (NHS)}},
  title = {Double-crewed ambulance specification},
  month = {October},
  year = {2021},
  note = {[Accessed on 11/12/2023] URL: \url{https://www.england.nhs.uk/wp-content/uploads/2018/09/B0356_National-specification-base-vehicle-and-conversion_October-2021.pdf}}
}

@misc{hmas-festivals,
  author = {{Hardcore Medical and Ambulance Services (HMAS)}},
  title = {Festivals},
  year = {2023},
  note = {[Accessed on 15/12/2023] URL: \url{https://hardcoremedical.co.uk/festivals/}}
}

@misc{andyloos2015,
  author = {{AndyLoos}},
  title = {How many portable toilets do you need for an event?},
  date = {24},
  month = {April},
  year = {2015},
  note = {[Accessed on 18/12/2023] URL: \url{https://www.andyloos.co.uk/blog-how-many-toilets-do-you-need-for-an-event/}},
}

@misc{lsharp2023,
  author = {Leo Sharp},
  publisher = {LetLoos},
  title = {How Many Portable Toilets Do I Need For My Event?},
  year = {2023},
  note = {[Accessed on 17/12/2023] URL: \url{https://www.letloos.com/portable-toilets-guide/how-many-portable-toilets-i-need-for-my-event/}},
}

@misc{aawbi2019,
  author = {Anita Awbi},
  title = {Gender gap across UK festivals revealed},
  date = {24},
  month = {July},
  year = {2019},
  note = {[Accessed on 18/12/2023] URL: \url{https://www.prsformusic.com/m-magazine/news/gender-gap-across-uk-festivals-revealed}}
}

@misc{rmbrecht2023,
  author = {Robert M Brecht},
  title = {4 Key Audio Specs for Outdoor Concert and Festival Production},
  year = {2023},
  note = {[Accessed on 19/12/2023] URL: \url{https://tseentertainment.com/4-key-audio-specs-outdoor-concert-festival-production/}}
}

@misc{hse-event-safety-noise,
  author = {{Health and Safety Executive (HSE)}},
  title = {Event safety - Noise},
  year = {2023},
  note = {[Accessed on 19/12/2023] URL: \url{https://www.hse.gov.uk/event-safety/noise.htm}}
}

@misc{worldweatheronline2023,
  author = {{WorldWeatherOnline}},
  title = {Newcastle Upon Tyne Annual Weather Averages},
  year = {2023},
  note = {[Accessed on 20/12/2023] URL: \url{https://www.worldweatheronline.com/newcastle-upon-tyne-weather-averages/tyne-and-wear/gb.aspx}}
}

@misc{ds100,
  author = {{dbaudio}},
  title = {The DS100 Signal Engine},
  year = {2023},
  note = {[Accessed on 21/12/2023] URL: \url{https://www.dbaudio.com/global/en/products/processing-and-matrix/ds100/}}
}

@article{cramer1993,
  author = {Owen Cramer},
  title = "{The variation of the specific heat ratio and the speed of sound in air with temperature, pressure, humidity, and CO$_{2}$ concentration}",
  journal = {Acoustical Society of America Journal},
  year = 1993,
  month = {May},
  volume = {93},
  number = {5},
  pages = {2510-2516},
  doi = {10.1121/1.405827},
  adsurl = {https://ui.adsabs.harvard.edu/abs/1993ASAJ...93.2510C},
  adsnote = {Provided by the SAO/NASA Astrophysics Data System}
}

@article{rasmussen1997,
  title={Calculation methods for the physical properties of air used in the calibration of microphones},
  author={Rasmussen, Knud},
  journal={Technical University of Denmark Report PL-11b},
  year={1997}
}

@misc{lively2022,
  author = {Nathan Lively},
  title = {Use SubAligner with Delay Speakers and d\&b ArrayCalc},
  year = {2022},
  howpublished = {YouTube},
  note = {[Accessed on 20/12/2023] URL: \url{https://www.youtube.com/watch?v=O2InsCJGHUw}},
  keywords = {bibs}
}

@misc{subaligner2024,
  author = {{SubAligner}},
  title = {SubAligner},
  year = {2024},
  note = {[Accessed on 20/12/2023] URL: \url{https://app.subaligner.com/align/search}},
  keywords = {bibs}
}

@misc{lively2019,
  author = {Nathan Lively},
  title = {How to Estimate Delay and Level Offset Between Speakers in Your 3D Models - Sound Design Live},
  year = {2019},
  note = {[Accessed on 20/12/2023] URL: \url{https://www.sounddesignlive.com/how-to-estimate-delay-and-level-offset-between-speakers-in-your-3d-models/}},
  keywords = {bibs}
}

@article{picard2008,
  author = {Picard, A and Davis, Richard and Gl√§ser, M and Fujii, K},
  year = {2008},
  month = {02},
  pages = {149},
  title = {Revised formula for the density of moist air (CIPM-2007)},
  volume = {45},
  journal = {Metrologia},
  doi = {10.1088/0026-1394/45/2/004},
  keywords = {bibs}
}

@article{bellin1962,
  author    = {Bellin, J. L. S. and Beyer, R. T.},
  title     = {Experimental Investigation of an End-Fire Array},
  journal   = {The Journal of the Acoustical Society of America},
  volume    = {34},
  number    = {8},
  year      = {1962},
  pages     = {1051-1054},
  keywords = {bibs}
}

@book{mccarthy2012,
  author = {Bob McCarthy},
  title = {Sound Systems: Design and Optimization: Modern Techniques and Tools for Sound System Design and Alignment},
  year = {2012},
  publisher = {CRC Press},
  keywords = {bibs}
}

@inproceedings{keele2001,
  author = {Keele Jr, D.B.},
  title = {Development of Test Signals for the {EIA-426-B} Loudspeaker Power Rating Compact Disk},
  booktitle = {Audio Engineering Society Convention 111},
  organization = {Audio Engineering Society},
  month = nov,
  year = {2001},
  keyowrds = {bibs}
}

@article{schwenke2020,
  author = {Schwenke, R.},
  year = {2020},
  title = {A New Signal for Measuring Loudspeaker Maximum Linear SPL},
  journal = {SMPTE Motion Imaging Journal},
  volume = {129},
  number = {5},
  pages = {25-29},
  keywords = {bibs}
}

@incollection{woodgate2012,
  author    = {Woodgate, J. M.},
  title     = {International Standards},
  booktitle = {Loudspeaker and Headphone Handbook},
  publisher = {Routledge},
  year      = {2012},
  pages     = {693-699},
  keywords = {bibs}
}

@misc{hse-first-aid-regs,
  author = {{Health and Safety Executive (HSE)}},
  title = {First aid at work: The Health and Safety (First-Aid) Regulations 1981. Guidance on Regulations L74},
  year = {2018},
  note = {[Accessed on 15/12/2023] URL: \url{https://www.hse.gov.uk/pubns/priced/l74.pdf}},
  keywords = {bibs}
}