@article{bellin1962,
  author   = {Bellin, J. L. S. and Beyer, R. T.},
  title    = {Experimental Investigation of an End-Fire Array},
  journal  = {The Journal of the Acoustical Society of America},
  volume   = {34},
  number   = {8},
  year     = {1962},
  pages    = {1051-1054},
  keywords = {bibs}
}

@misc{digico2019,
  author       = {{DiGiCo}},
  title        = {Live Sound - DiGiCo},
  howpublished = {\url{https://digico.biz/live-sound/}},
  year         = {2019},
  note         = {[Accessed on 1/1/2024] URL: \url{https://digico.biz/live-sound/}},
  keywords     = {bibs}
}

@misc{hse-first-aid-regs,
  author   = {{Health and Safety Executive (HSE)}},
  title    = {First aid at work: The Health and Safety (First-Aid) Regulations 1981. Guidance on Regulations L74},
  year     = {2018},
  note     = {[Accessed on 15/12/2023] URL: \url{https://www.hse.gov.uk/pubns/priced/l74.pdf}},
  keywords = {bibs}
}

@inproceedings{keele2001,
  author       = {Keele Jr, D.B.},
  title        = {Development of Test Signals for the {EIA-426-B} Loudspeaker Power Rating Compact Disk},
  booktitle    = {Audio Engineering Society Convention 111},
  organization = {Audio Engineering Society},
  month        = nov,
  year         = {2001},
  keyowrds     = {bibs}
}

@misc{lively2019,
  author   = {Nathan Lively},
  title    = {How to Estimate Delay and Level Offset Between Speakers in Your 3D Models - Sound Design Live},
  year     = {2019},
  note     = {[Accessed on 20/12/2023] URL: \url{https://www.sounddesignlive.com/how-to-estimate-delay-and-level-offset-between-speakers-in-your-3d-models/}},
  keywords = {bibs}
}

@misc{lively2022,
  author       = {Nathan Lively},
  title        = {Use SubAligner with Delay Speakers and d\&b ArrayCalc},
  year         = {2022},
  howpublished = {YouTube},
  note         = {[Accessed on 20/12/2023] URL: \url{https://www.youtube.com/watch?v=O2InsCJGHUw}},
  keywords     = {bibs}
}

@book{mccarthy2012,
  author    = {Bob McCarthy},
  title     = {Sound Systems: Design and Optimization: Modern Techniques and Tools for Sound System Design and Alignment},
  year      = {2012},
  publisher = {CRC Press},
  keywords  = {bibs}
}

@misc{midas2024,
  author   = {{Midas}},
  title    = {Midas Consoles},
  year     = {2023},
  note     = {[Accessed on 1/1/2024] URL: \url{https://www.midasconsoles.com/}},
  keywords = {bibs}
}

@article{picard2008,
  author   = {Picard, A and Davis, Richard and Gl√§ser, M and Fujii, K},
  year     = {2008},
  month    = {02},
  pages    = {149},
  title    = {Revised formula for the density of moist air (CIPM-2007)},
  volume   = {45},
  journal  = {Metrologia},
  doi      = {10.1088/0026-1394/45/2/004},
  keywords = {bibs}
}

@article{schwenke2020,
  author   = {Schwenke, R.},
  year     = {2020},
  title    = {A New Signal for Measuring Loudspeaker Maximum Linear SPL},
  journal  = {SMPTE Motion Imaging Journal},
  volume   = {129},
  number   = {5},
  pages    = {25-29},
  keywords = {bibs}
}

@misc{sennheiser_iem_frequency_charts,
  author   = {{Sennheiser}},
  title    = {Comparative Frequency Charts for In-Ear Microphones},
  year     = {2023},
  note     = {[Accessed on 5/1/2024] URL: \url{https://assets.sennheiser.com/downloads/download/file/4267/IEM_Frequency_charts.pdf}},
  keywords = {bibs}
}

@misc{sennheiser_mic_frequency_charts,
  author   = {{Sennheiser}},
  title    = {Comparative Frequency Charts for Radio Microphones},
  year     = {2023},
  note     = {[Accessed on 5/1/2024] URL: \url{https://assets.sennheiser.com/global-downloads/file/11015/Overview_Radio_Mic_Frequency_charts_2014.pdf}},
  keywords = {bibs}
}

@misc{singleton2021,
  author   = {Izaak Singleton},
  title    = {Tech Tuesday! Radio Mic Frequencies | Raycom},
  year     = {2021},
  note     = {[Accessed on 3/1/2024] URL: \url{https://www.raycom.co.uk/tech-tuesday-radio-mic-frequencies-what-to-use-when/}},
  keywords = {bibs}
}

@misc{subaligner2024,
  author   = {{SubAligner}},
  title    = {SubAligner},
  year     = {2024},
  note     = {[Accessed on 20/12/2023] URL: \url{https://app.subaligner.com/align/search}},
  keywords = {bibs}
}

@misc{svantekacademy,
  author   = {{Svantek Academy}},
  title    = {Sound Pressure Level (SPL) | Svantek Academy},
  year     = {2023},
  note     = {[Accessed on 27/12/2023] URL: \url{https://svantek.com/academy/sound-pressure-level-spl/}},
  keywords = {bibs}
}

@misc{waves2024,
  author   = {{Waves}},
  title    = {SoundGrid Systems - Waves Audio},
  year     = {2024},
  note     = {[Accessed on 1/1/2024] URL: \url{https://www.waves.com/soundgrid-systems}},
  keywords = {bibs}
}

@incollection{woodgate2012,
  author    = {Woodgate, J. M.},
  title     = {International Standards},
  booktitle = {Loudspeaker and Headphone Handbook},
  publisher = {Routledge},
  year      = {2012},
  pages     = {693-699},
  keywords  = {bibs}
}

@misc{yamaha2022,
  author   = {{Yamaha.com}},
  title    = {Yamaha - UK and Ireland},
  year     = {2022},
  note     = {[Accessed on 1/1/2024] URL: \url{https://uk.yamaha.com/en/products/contents/proaudio/livesound/}},
  keywords = {bibs}
}
