@misc{aawbi2019,
  author = {Anita Awbi},
  title  = {Gender gap across UK festivals revealed},
  date   = {24},
  month  = {July},
  year   = {2019},
  note   = {[Accessed on 18/12/2023] URL: \url{https://www.prsformusic.com/m-magazine/news/gender-gap-across-uk-festivals-revealed}}
}

@misc{akgp170,
  author = {{AKG}},
  year   = {2024},
  title  = {P170},
  note   = {[Accessed on 6/1/2024] URL: \url{https://www.akg.com/Microphones/Condenser Microphones/P170.html}}
}

@misc{andyloos2015,
  author = {{AndyLoos}},
  title  = {How many portable toilets do you need for an event?},
  date   = {24},
  month  = {April},
  year   = {2015},
  note   = {[Accessed on 18/12/2023] URL: \url{https://www.andyloos.co.uk/blog-how-many-toilets-do-you-need-for-an-event/}}
}

@misc{at4041,
  author = {{Audio Technica}},
  year   = {2024},
  title  = {AT4041 Cardioid Condenser Microphone},
  note   = {[Accessed on 6/1/2024] URL: \url{https://www.audio-technica.com/en-gb/at4041}}
}

@misc{audixd4,
  author = {{Audix}},
  year   = {2024},
  title  = {D4 - Audix},
  note   = {[Accessed on 6/1/2024] URL: \url{https://audixusa.com/products/d4/}}
}

@misc{audixd6,
  author = {{Audix}},
  year   = {2024},
  title  = {D6 - Audix},
  note   = {[Accessed on 6/1/2024] URL: \url{https://audixusa.com/products/d6/}}
}

@misc{beyerdynamicm201tg,
  author = {{Beyerdynamic}},
  year   = {2024},
  title  = {M 201},
  note   = {[Accessed on 6/1/2024] URL: \url{https://europe.beyerdynamic.com/m-201.html}}
}

@misc{brown2010,
  author = {Brenda Brown, Pat Brown},
  title  = {Line Array Attenuation - Ideal vs Actual},
  date   = {15},
  month  = {March},
  year   = {2010},
  note   = {[Accessed on 28/12/2023] URL: \url{https://www.prosoundtraining.com/2010/03/15/line-array-attenuation-ideal-vis-actual/}}
}

@article{cramer1993,
  author  = {Owen Cramer},
  title   = {{The variation of the specific heat ratio and the speed of sound in air with temperature, pressure, humidity, and CO$_{2}$ concentration}},
  journal = {Acoustical Society of America Journal},
  year    = 1993,
  month   = {May},
  volume  = {93},
  number  = {5},
  pages   = {2510-2516},
  doi     = {10.1121/1.405827},
  adsurl  = {https://ui.adsabs.harvard.edu/abs/1993ASAJ...93.2510C},
  adsnote = {Provided by the SAO/NASA Astrophysics Data System}
}

@misc{dmellor2006,
  author = {David Mellor},
  title  = {Line Arrays Explained (The Science And The Magic) | Sound On Sound},
  month  = {March},
  year   = {2006},
  note   = {[Accessed on 28/12/2023] URL: \url{https://www.soundonsound.com/techniques/line-arrays-explained}}
}

@misc{ds100,
  author = {{dbaudio}},
  title  = {The DS100 Signal Engine},
  year   = {2023},
  note   = {[Accessed on 21/12/2023] URL: \url{https://www.dbaudio.com/global/en/products/processing-and-matrix/ds100/}}
}

@misc{dstewart2016,
  author = {David Stewart},
  title  = {What Exactly Is a Line Array?},
  year   = {2016},
  note   = {[Accessed on 28/12/2023] URL: \url{https://www.sweetwater.com/insync/what-exactly-is-a-line-array/}}
}

@misc{hmas-festivals,
  author = {{Hardcore Medical and Ambulance Services (HMAS)}},
  title  = {Festivals},
  year   = {2023},
  note   = {[Accessed on 15/12/2023] URL: \url{https://hardcoremedical.co.uk/festivals/}}
}

@misc{hmgovernment2007,
  author      = {{HM Government}},
  institution = {Department for Communities and Local Government Publications},
  title       = {Fire Safety Risk Assessment (Open Air Events and Venues)},
  month       = {February},
  year        = {2007},
  note        = {[Accessed on 11/12/2023] URL: \url{https://assets.publishing.service.gov.uk/government/uploads/system/uploads/attachment_data/file/14891/fsra-open-air.pdf}}
}

@misc{hse-event-safety-noise,
  author = {{Health and Safety Executive (HSE)}},
  title  = {Event safety - Noise},
  year   = {2023},
  note   = {[Accessed on 19/12/2023] URL: \url{https://www.hse.gov.uk/event-safety/noise.htm}}
}

@book{hse2005,
  author    = {{Health and Safety Executive}},
  title     = {Health and Safety: The Control of Noise at Work Regulations 2005},
  year      = {2005},
  publisher = {The Stationery Office},
  address   = {London}
}

@misc{jberryman2010,
  author = {Jeff Berryman},
  title  = {Subwoofer Arrays},
  date   = {7},
  month  = {June},
  year   = {2010},
  note   = {[Accessed on 28/12/2023] URL: \url{https://electrovoice.com/media/downloads/wp_subwoofer_arrays_v04.pdf}}
}

@misc{jjones2023,
  author = {Janine Jones},
  title  = {Mobile Kitchens Explained: Food Trailers, Carts, Trucks, \& More},
  note   = {[Accessed on 14/12/2023] URL: \url{https://www.webstaurantstore.com/blog/3356/mobile-kitchens-compared.html}},
  year   = {2023}
}

@misc{lsharp2023,
  author    = {Leo Sharp},
  publisher = {LetLoos},
  title     = {How Many Portable Toilets Do I Need For My Event?},
  year      = {2023},
  note      = {[Accessed on 17/12/2023] URL: \url{https://www.letloos.com/portable-toilets-guide/how-many-portable-toilets-i-need-for-my-event/}}
}

@misc{lwestbury2016,
  author       = {Westbury, Luke},
  title        = {Noise},
  year         = {2016},
  note         = {[Accessed on 30/12/2023] URL: \url{https://www.agreenerfestival.com/noise/}},
  organization = {A Greener Festival}
}

@misc{mmontgomery2018,
  author      = {Marlyn Montgomery and Nick Malloy and Chris Muhl and Erin Degenstein and Melissa Kimble and Dr. Denis Dean and Dr. Dawn Wright and Jennifer Bauer and Doug Wood and Peggy Lee and Abby Flory and Greg Newman and Alex Daniels and Tom Stohlgren and Ben White and Laura Weisel and others},
  title       = {Music Festival - Estimating Event Capacity},
  note        = {[Accessed on 13/12/2023] URL: \url{https://gsp.humboldt.edu/olm/Activities/GSP_270/07_MusicFestival_VectorAnalysis/Lab7_Part3.html}},
  institution = {Colorado State University, Oregon State University, Humboldt State University},
  year        = {2018}
}

@misc{nhs-ambulance-specs,
  author = {{National Health Service (NHS)}},
  title  = {Double-crewed ambulance specification},
  month  = {October},
  year   = {2021},
  note   = {[Accessed on 11/12/2023] URL: \url{https://www.england.nhs.uk/wp-content/uploads/2018/09/B0356_National-specification-base-vehicle-and-conversion_October-2021.pdf}}
}

@article{rasmussen1997,
  title   = {Calculation methods for the physical properties of air used in the calibration of microphones},
  author  = {Rasmussen, Knud},
  journal = {Technical University of Denmark Report PL-11b},
  year    = {1997}
}

@misc{rmbrecht2023,
  author = {Robert M Brecht},
  title  = {4 Key Audio Specs for Outdoor Concert and Festival Production},
  year   = {2023},
  note   = {[Accessed on 19/12/2023] URL: \url{https://tseentertainment.com/4-key-audio-specs-outdoor-concert-festival-production/}}
}

@misc{rodem5,
  author = {{Rode}},
  year   = {2024},
  title  = {M5},
  note   = {[Accessed on 6/1/2024] URL: \url{https://rode.com/en/microphones/studio-condenser/m5}}
}

@misc{rodent5,
  author = {{Rode}},
  year   = {2024},
  title  = {NT5},
  note   = {[Accessed on 6/1/2024] URL: \url{https://rode.com/en/microphones/studio-condenser/nt5}}
}

@misc{se8,
  author = {{SE}},
  year   = {2024},
  title  = {SE8},
  note   = {[Accessed on 6/1/2024] URL: \url{https://seelectronics.com/products/se8/}}
}

@misc{sennheiser-a5000,
  author = {{Sennheiser}},
  title  = {A 5000-CP - Sennheiser},
  year   = {2022},
  note   = {[Accessed on 5/1/2024] URL: \url{https://www.sennheiser.com/en-gb/catalog/products/wireless-systems/a-5000-cp/a-5000-cp-500887}}
}

@misc{sennheisere602,
  author = {{Sennheiser}},
  year   = {2024},
  title  = {e 602 II},
  note   = {[Accessed on 6/1/2024] URL: \url{https://www.sennheiser.com/en-gb/catalog/products/microphones/e-602-ii/e-602-ii-500797}}
}

@misc{sennheisere604,
  author = {{Sennheiser}},
  year   = {2024},
  title  = {3-Pack e 604},
  note   = {[Accessed on 6/1/2024] URL: \url{https://www.sennheiser.com/en-gb/catalog/products/microphones/e-604/3-pack-e-604-506667}}
}

@misc{sennheisere609,
  author = {{Sennheiser}},
  year   = {2024},
  title  = {e 609},
  note   = {[Accessed on 6/1/2024] URL: \url{https://www.sennheiser.com/en-gb/catalog/products/microphones/e-609/e-609-silver-500074}}
}

@misc{sennheisere904,
  author = {{Sennheiser}},
  year   = {2024},
  title  = {e 904},
  note   = {[Accessed on 6/1/2024] URL: \url{https://www.sennheiser.com/en-gb/catalog/products/microphones/e-904/e-904-500200}}
}

@misc{sennheisere945,
  author = {{Sennheiser}},
  year   = {2024},
  title  = {e 945},
  note   = {[Accessed on 6/1/2024] URL: \url{https://www.sennheiser.com/en-gb/catalog/products/microphones/e-945/e-945-009422}}
}

@misc{sennheisermd421,
  author = {{Sennheiser}},
  year   = {2024},
  title  = {MD421},
  note   = {[Accessed on 6/1/2024] URL: \url{https://www.sennheiser.com/en-gb/catalog/products/microphones/md-421-ii/md-421-ii-000984}}
}

@misc{shure2024,
  author = {{Shure}},
  title  = {WHAT IS THE DIFFERENCE BETWEEN UHF AND VHF FREQUENCIES?},
  date   = {8},
  month  = {Feburary},
  year   = {2022},
  note   = {[Accessed on 5/1/2024] URL: \url{https://service.shure.com/s/article/what-is-the-difference-between-uhf-and-vhf-frequencies}}
}

@misc{shurebeta52a,
  author = {{Shure}},
  year   = {2024},
  title  = {BETA 52A},
  note   = {[Accessed on 6/1/2024] URL: \url{https://www.shure.com/en-GB/products/microphones/beta_52a}}
}

@misc{shurebeta58a,
  author = {{Shure}},
  year   = {2024},
  title  = {BETA 58A},
  note   = {[Accessed on 6/1/2024] URL: \url{https://www.shure.com/en-GB/products/microphones/beta_58a}}
}

@misc{shurebeta91a,
  author = {{Shure}},
  year   = {2024},
  title  = {BETA 91A},
  note   = {[Accessed on 6/1/2024] URL: \url{https://www.shure.com/en-GB/products/microphones/beta_91a}}
}

@misc{shureksm141,
  author = {{Shure}},
  year   = {2024},
  title  = {KSM141},
  note   = {[Accessed on 6/1/2024] URL: \url{https://www.shure.com/en-GB/products/microphones/ksm141}}
}

@misc{shurepga56,
  author = {{Shure}},
  year   = {2024},
  title  = {PGA56},
  note   = {[Accessed on 6/1/2024] URL: \url{https://www.shure.com/en-GB/products/microphones/pga56?variant=PGA56-XLR}}
}

@misc{shuresm57,
  author = {{Shure}},
  year   = {2024},
  title  = {SM57},
  note   = {[Accessed on 6/1/2024] URL: \url{https://www.shure.com/en-GB/products/microphones/sm57}}
}

@misc{shuresm81,
  author = {{Shure}},
  year   = {2024},
  title  = {SM81},
  note   = {[Accessed on 6/1/2024] URL: \url{https://www.shure.com/en-GB/products/microphones/sm81?variant=SM81-LC}}
}

@misc{sja2023,
  author = {{St John Ambulance}},
  title  = {Getting the Right Level of First Aid Cover for Your Event},
  year   = {2023},
  note   = {[Accessed on 10/12/2023] URL: \url{https://www.sja.org.uk/what-we-do/our-first-aid-services/event-first-aid-cover/getting-the-right-level-of-first-aid-cover-for-your-event/}}
}

@misc{westminster2023,
  author = {{Westminster Security}},
  title  = {How much security is needed for an event?},
  year   = {2023},
  note   = {[Accessed on 19/12/2023] URL: \url{https://www.westminstersecurity.co.uk/event-security/how-much-security-is-needed-for-an-event/}}
}

@misc{wkc2023,
  author = {{WKC}},
  title  = {Sound Attenuation Calculator - Inverse Square Law},
  year   = {2023},
  note   = {[Accessed on 27/12/2023] URL: \url{https://www.wkcgroup.com/tools-room/inverse-square-law-sound-calculator/}}
}

@misc{worldweatheronline2023,
  author = {{WorldWeatherOnline}},
  title  = {Newcastle Upon Tyne Annual Weather Averages},
  year   = {2023},
  note   = {[Accessed on 20/12/2023] URL: \url{https://www.worldweatheronline.com/newcastle-upon-tyne-weather-averages/tyne-and-wear/gb.aspx}}
}